<record><leader>00000cas a22000007a 4500</leader><controlfield tag="001">11579110</controlfield><controlfield tag="008">850114d19311933mtuwr ne      0    0eng d</controlfield><datafield ind1=" " ind2=" " tag="010"><subfield code="a">sn 85053002 </subfield></datafield><datafield ind1=" " ind2=" " tag="040"><subfield code="a">MTL</subfield><subfield code="b">eng</subfield><subfield code="c">MTL</subfield><subfield code="d">OCLCQ</subfield></datafield><datafield ind1=" " ind2=" " tag="042"><subfield code="a">msc</subfield></datafield><datafield ind1="0" ind2="4" tag="245"><subfield code="a">The Big Flat news.</subfield></datafield><datafield ind1=" " ind2=" " tag="260"><subfield code="a">Turner, Mont. :</subfield><subfield code="b">M.D. Eastly,</subfield><subfield code="c">1931-1933.</subfield></datafield><datafield ind1=" " ind2=" " tag="300"><subfield code="a">3 v. :</subfield><subfield code="b">ill. ;</subfield><subfield code="c">54 cm.</subfield></datafield><datafield ind1=" " ind2=" " tag="310"><subfield code="a">Weekly</subfield></datafield><datafield ind1="0" ind2=" " tag="362"><subfield code="a">Vol. 2, no. 11 (Aug. 20, 1931)-v. 4, no. 14 (Sept. 7, 1933).</subfield></datafield><datafield ind1=" " ind2=" " tag="500"><subfield code="a">"Published in the famous Big Flat wheat district of North Central Montana."</subfield></datafield><datafield ind1=" " ind2=" " tag="500"><subfield code="a">Place of publication varies: published at Turner Aug. 20, 1931-Aug. 3, 1933 and at Chinook Aug. 10-Sept. 7, 1933.</subfield></datafield><datafield ind1=" " ind2=" " tag="752"><subfield code="a">United States</subfield><subfield code="b">Montana</subfield><subfield code="c">Blaine</subfield><subfield code="d">Turner.</subfield></datafield><datafield ind1=" " ind2=" " tag="752"><subfield code="a">United States</subfield><subfield code="b">Montana</subfield><subfield code="c">Blaine</subfield><subfield code="d">Chinook.</subfield></datafield><datafield ind1="0" ind2="0" tag="785"><subfield code="t">Chinook news</subfield><subfield code="w">(DLC)sn 85053003</subfield></datafield></record>